%YAML 1.1
%TAG !u! tag:unity3d.com,2011:
--- !u!29 &1
OcclusionCullingSettings:
  m_ObjectHideFlags: 0
  serializedVersion: 2
  m_OcclusionBakeSettings:
    smallestOccluder: 5
    smallestHole: 0.25
    backfaceThreshold: 100
  m_SceneGUID: 00000000000000000000000000000000
  m_OcclusionCullingData: {fileID: 0}
--- !u!104 &2
RenderSettings:
  m_ObjectHideFlags: 0
  serializedVersion: 9
  m_Fog: 0
  m_FogColor: {r: 0.4862745, g: 0.69411767, b: 0.8117647, a: 1}
  m_FogMode: 3
  m_FogDensity: 0.025
  m_LinearFogStart: 0
  m_LinearFogEnd: 300
  m_AmbientSkyColor: {r: 0.9386859, g: 0.90466136, b: 0.84687346, a: 1}
  m_AmbientEquatorColor: {r: 0.114, g: 0.125, b: 0.133, a: 1}
  m_AmbientGroundColor: {r: 0.047, g: 0.043, b: 0.035, a: 1}
  m_AmbientIntensity: 1
  m_AmbientMode: 0
  m_SubtractiveShadowColor: {r: 0.42, g: 0.478, b: 0.627, a: 1}
  m_SkyboxMaterial: {fileID: 0}
  m_HaloStrength: 0.5
  m_FlareStrength: 1
  m_FlareFadeSpeed: 3
  m_HaloTexture: {fileID: 0}
  m_SpotCookie: {fileID: 10001, guid: 0000000000000000e000000000000000, type: 0}
  m_DefaultReflectionMode: 1
  m_DefaultReflectionResolution: 128
  m_ReflectionBounces: 5
  m_ReflectionIntensity: 1
  m_CustomReflection: {fileID: 8900000, guid: 619e305f5165a9946b7f72464e44ca4a, type: 3}
  m_Sun: {fileID: 2114283754330233425}
  m_IndirectSpecularColor: {r: 3943.8516, g: 4462.913, b: 5098.5566, a: 1}
  m_UseRadianceAmbientProbe: 0
--- !u!157 &3
LightmapSettings:
  m_ObjectHideFlags: 0
  serializedVersion: 12
  m_GIWorkflowMode: 1
  m_GISettings:
    serializedVersion: 2
    m_BounceScale: 1
    m_IndirectOutputScale: 1
    m_AlbedoBoost: 1
    m_EnvironmentLightingMode: 0
    m_EnableBakedLightmaps: 1
    m_EnableRealtimeLightmaps: 0
  m_LightmapEditorSettings:
    serializedVersion: 12
    m_Resolution: 2
    m_BakeResolution: 80
    m_AtlasSize: 1024
    m_AO: 1
    m_AOMaxDistance: 1
    m_CompAOExponent: 0.4
    m_CompAOExponentDirect: 0.4
    m_ExtractAmbientOcclusion: 0
    m_Padding: 2
    m_LightmapParameters: {fileID: 15204, guid: 0000000000000000f000000000000000,
      type: 0}
    m_LightmapsBakeMode: 1
    m_TextureCompression: 1
    m_FinalGather: 0
    m_FinalGatherFiltering: 1
    m_FinalGatherRayCount: 256
    m_ReflectionCompression: 2
    m_MixedBakeMode: 2
    m_BakeBackend: 1
    m_PVRSampling: 1
    m_PVRDirectSampleCount: 400
    m_PVRSampleCount: 400
    m_PVRBounces: 4
    m_PVREnvironmentSampleCount: 500
    m_PVREnvironmentReferencePointCount: 2048
    m_PVRFilteringMode: 1
    m_PVRDenoiserTypeDirect: 1
    m_PVRDenoiserTypeIndirect: 1
    m_PVRDenoiserTypeAO: 1
    m_PVRFilterTypeDirect: 0
    m_PVRFilterTypeIndirect: 0
    m_PVRFilterTypeAO: 0
    m_PVREnvironmentMIS: 1
    m_PVRCulling: 0
    m_PVRFilteringGaussRadiusDirect: 1
    m_PVRFilteringGaussRadiusIndirect: 5
    m_PVRFilteringGaussRadiusAO: 2
    m_PVRFilteringAtrousPositionSigmaDirect: 0.5
    m_PVRFilteringAtrousPositionSigmaIndirect: 2
    m_PVRFilteringAtrousPositionSigmaAO: 1
    m_ExportTrainingData: 0
    m_TrainingDataDestination: TrainingData
    m_LightProbeSampleCountMultiplier: 4
  m_LightingDataAsset: {fileID: 112000000, guid: 54238fe2909b97b5ba782732b2d6ee9c,
    type: 2}
  m_LightingSettings: {fileID: 4890085278179872738, guid: 35f51f8718705c2b28686a839a97b3f0,
    type: 2}
--- !u!196 &4
NavMeshSettings:
  serializedVersion: 2
  m_ObjectHideFlags: 0
  m_BuildSettings:
    serializedVersion: 2
    agentTypeID: 0
    agentRadius: 0.5
    agentHeight: 2
    agentSlope: 45
    agentClimb: 0.4
    ledgeDropHeight: 0
    maxJumpAcrossDistance: 0
    minRegionArea: 2
    manualCellSize: 0
    cellSize: 0.16666667
    manualTileSize: 0
    tileSize: 256
    accuratePlacement: 0
    maxJobWorkers: 0
    preserveTilesOutsideBounds: 0
    debug:
      m_Flags: 0
  m_NavMeshData: {fileID: 0}
--- !u!1 &354295615
GameObject:
  m_ObjectHideFlags: 0
  m_CorrespondingSourceObject: {fileID: 0}
  m_PrefabInstance: {fileID: 0}
  m_PrefabAsset: {fileID: 0}
  serializedVersion: 6
  m_Component:
  - component: {fileID: 354295617}
  - component: {fileID: 354295616}
  m_Layer: 0
  m_Name: Sky and Fog Global Volume
  m_TagString: Untagged
  m_Icon: {fileID: 0}
  m_NavMeshLayer: 0
  m_StaticEditorFlags: 0
  m_IsActive: 1
--- !u!114 &354295616
MonoBehaviour:
  m_ObjectHideFlags: 0
  m_CorrespondingSourceObject: {fileID: 0}
  m_PrefabInstance: {fileID: 0}
  m_PrefabAsset: {fileID: 0}
  m_GameObject: {fileID: 354295615}
  m_Enabled: 1
  m_EditorHideFlags: 0
  m_Script: {fileID: 11500000, guid: 172515602e62fb746b5d573b38a5fe58, type: 3}
  m_Name: 
  m_EditorClassIdentifier: 
  m_IsGlobal: 1
  priority: 0
  blendDistance: 0
  weight: 1
  sharedProfile: {fileID: 11400000, guid: 4746be99337be6ebf9a5b30b2998dffa, type: 2}
--- !u!4 &354295617
Transform:
  m_ObjectHideFlags: 0
  m_CorrespondingSourceObject: {fileID: 0}
  m_PrefabInstance: {fileID: 0}
  m_PrefabAsset: {fileID: 0}
  m_GameObject: {fileID: 354295615}
  m_LocalRotation: {x: 0, y: 0, z: 0, w: 1}
  m_LocalPosition: {x: 15.87114, y: -0.28999996, z: 2.2895355}
  m_LocalScale: {x: 1, y: 1, z: 1}
  m_ConstrainProportionsScale: 0
  m_Children: []
  m_Father: {fileID: 0}
  m_RootOrder: 2
  m_LocalEulerAnglesHint: {x: 0, y: 0, z: 0}
--- !u!1 &1412234823
GameObject:
  m_ObjectHideFlags: 0
  m_CorrespondingSourceObject: {fileID: 0}
  m_PrefabInstance: {fileID: 0}
  m_PrefabAsset: {fileID: 0}
  serializedVersion: 6
  m_Component:
  - component: {fileID: 1412234826}
  - component: {fileID: 1412234825}
  - component: {fileID: 1412234827}
  m_Layer: 0
  m_Name: Managers
  m_TagString: Untagged
  m_Icon: {fileID: 0}
  m_NavMeshLayer: 0
  m_StaticEditorFlags: 0
  m_IsActive: 1
--- !u!114 &1412234825
MonoBehaviour:
  m_ObjectHideFlags: 0
  m_CorrespondingSourceObject: {fileID: 0}
  m_PrefabInstance: {fileID: 0}
  m_PrefabAsset: {fileID: 0}
  m_GameObject: {fileID: 1412234823}
  m_Enabled: 1
  m_EditorHideFlags: 0
  m_Script: {fileID: 11500000, guid: 1b2e5f429f1849fd8b1e8b8e1a8d7667, type: 3}
  m_Name: 
  m_EditorClassIdentifier: 
  _aimPointDetailsGameEvent: {fileID: 11400000, guid: 196637e2e9084be43b8acaff1cd87863,
    type: 2}
  assetDatabase:
    reorderableList:
      canAdd: 1
      canRemove: 1
      draggable: 1
      expandable: 1
      multipleSelection: 1
      isExpanded: 0
      label:
        m_Text: Keys
        m_Image: {fileID: 0}
        m_Tooltip: 
      headerHeight: 18
      footerHeight: 13
      slideEasing: 0.15
      verticalSpacing: 2
      showDefaultBackground: 1
      elementDisplayType: 0
      elementNameProperty: 
      elementNameOverride: 
      elementIcon: {fileID: 0}
    reqReferences: {fileID: 0}
    isExpanded: 0
    _keyValues: []
    _keys: []
    _values: []
--- !u!4 &1412234826
Transform:
  m_ObjectHideFlags: 0
  m_CorrespondingSourceObject: {fileID: 0}
  m_PrefabInstance: {fileID: 0}
  m_PrefabAsset: {fileID: 0}
  m_GameObject: {fileID: 1412234823}
  m_LocalRotation: {x: 0, y: 0, z: 0, w: 1}
  m_LocalPosition: {x: 15.87114, y: -0.28999996, z: 2.2895355}
  m_LocalScale: {x: 1, y: 1, z: 1}
  m_ConstrainProportionsScale: 0
  m_Children: []
  m_Father: {fileID: 0}
  m_RootOrder: 3
  m_LocalEulerAnglesHint: {x: 0, y: 0, z: 0}
--- !u!114 &1412234827
MonoBehaviour:
  m_ObjectHideFlags: 0
  m_CorrespondingSourceObject: {fileID: 0}
  m_PrefabInstance: {fileID: 0}
  m_PrefabAsset: {fileID: 0}
  m_GameObject: {fileID: 1412234823}
  m_Enabled: 1
  m_EditorHideFlags: 0
  m_Script: {fileID: 11500000, guid: b34f493bd54cefa7e98696c7672e5a33, type: 3}
  m_Name: 
  m_EditorClassIdentifier: 
  playerInitialisedGameEvent: {fileID: 11400000, guid: e3f488f09ced7c454b3dfa2c6e373729,
    type: 2}
  _controlledPlayer: {fileID: 0}
--- !u!1 &1647161232
GameObject:
  m_ObjectHideFlags: 0
  m_CorrespondingSourceObject: {fileID: 0}
  m_PrefabInstance: {fileID: 0}
  m_PrefabAsset: {fileID: 0}
  serializedVersion: 6
  m_Component:
  - component: {fileID: 1647161237}
  - component: {fileID: 1647161236}
  - component: {fileID: 1647161235}
  - component: {fileID: 1647161234}
  - component: {fileID: 1647161233}
  m_Layer: 0
  m_Name: Ground
  m_TagString: Untagged
  m_Icon: {fileID: 0}
  m_NavMeshLayer: 0
  m_StaticEditorFlags: 0
  m_IsActive: 1
--- !u!64 &1647161233
MeshCollider:
  m_ObjectHideFlags: 0
  m_CorrespondingSourceObject: {fileID: 0}
  m_PrefabInstance: {fileID: 0}
  m_PrefabAsset: {fileID: 0}
  m_GameObject: {fileID: 1647161232}
  m_Material: {fileID: 0}
  m_IsTrigger: 0
  m_Enabled: 1
  serializedVersion: 4
  m_Convex: 0
  m_CookingOptions: 30
  m_Mesh: {fileID: 1704012085}
--- !u!33 &1647161234
MeshFilter:
  m_ObjectHideFlags: 10
  m_CorrespondingSourceObject: {fileID: 0}
  m_PrefabInstance: {fileID: 0}
  m_PrefabAsset: {fileID: 0}
  m_GameObject: {fileID: 1647161232}
  m_Mesh: {fileID: 1704012085}
--- !u!23 &1647161235
MeshRenderer:
  m_ObjectHideFlags: 0
  m_CorrespondingSourceObject: {fileID: 0}
  m_PrefabInstance: {fileID: 0}
  m_PrefabAsset: {fileID: 0}
  m_GameObject: {fileID: 1647161232}
  m_Enabled: 1
  m_CastShadows: 1
  m_ReceiveShadows: 1
  m_DynamicOccludee: 1
  m_StaticShadowCaster: 0
  m_MotionVectors: 1
  m_LightProbeUsage: 1
  m_ReflectionProbeUsage: 1
  m_RayTracingMode: 2
  m_RayTraceProcedural: 0
  m_RenderingLayerMask: 257
  m_RendererPriority: 0
  m_Materials:
  - {fileID: 2100000, guid: 046d63d2ab45d4a268ad613744852fc9, type: 2}
  m_StaticBatchInfo:
    firstSubMesh: 0
    subMeshCount: 0
  m_StaticBatchRoot: {fileID: 0}
  m_ProbeAnchor: {fileID: 0}
  m_LightProbeVolumeOverride: {fileID: 0}
  m_ScaleInLightmap: 1
  m_ReceiveGI: 1
  m_PreserveUVs: 0
  m_IgnoreNormalsForChartDetection: 0
  m_ImportantGI: 0
  m_StitchLightmapSeams: 1
  m_SelectedEditorRenderState: 3
  m_MinimumChartSize: 4
  m_AutoUVMaxDistance: 0.5
  m_AutoUVMaxAngle: 89
  m_LightmapParameters: {fileID: 0}
  m_SortingLayerID: 0
  m_SortingLayer: 0
  m_SortingOrder: 0
  m_AdditionalVertexStreams: {fileID: 0}
--- !u!114 &1647161236
MonoBehaviour:
  m_ObjectHideFlags: 0
  m_CorrespondingSourceObject: {fileID: 0}
  m_PrefabInstance: {fileID: 0}
  m_PrefabAsset: {fileID: 0}
  m_GameObject: {fileID: 1647161232}
  m_Enabled: 1
  m_EditorHideFlags: 0
  m_Script: {fileID: 11500000, guid: 8233d90336aea43098adf6dbabd606a2, type: 3}
  m_Name: 
  m_EditorClassIdentifier: 
  m_MeshFormatVersion: 2
  m_Faces:
  - m_Indexes: 000000000100000002000000010000000300000002000000
    m_SmoothingGroup: 0
    m_Uv:
      m_UseWorldSpace: 0
      m_FlipU: 0
      m_FlipV: 0
      m_SwapUV: 0
      m_Fill: 1
      m_Scale: {x: 1, y: 1}
      m_Offset: {x: 0, y: 0}
      m_Rotation: 0
      m_Anchor: 9
    m_Material: {fileID: 2100000, guid: 73c176f402d2c2f4d929aa5da7585d17, type: 2}
    m_SubmeshIndex: 0
    m_ManualUV: 0
    elementGroup: 0
    m_TextureGroup: -1
  - m_Indexes: 040000000500000006000000050000000700000006000000
    m_SmoothingGroup: 0
    m_Uv:
      m_UseWorldSpace: 0
      m_FlipU: 0
      m_FlipV: 0
      m_SwapUV: 0
      m_Fill: 1
      m_Scale: {x: 1, y: 1}
      m_Offset: {x: 0, y: 0}
      m_Rotation: 0
      m_Anchor: 9
    m_Material: {fileID: 2100000, guid: 73c176f402d2c2f4d929aa5da7585d17, type: 2}
    m_SubmeshIndex: 0
    m_ManualUV: 0
    elementGroup: 0
    m_TextureGroup: -1
  - m_Indexes: 08000000090000000a000000090000000b0000000a000000
    m_SmoothingGroup: 0
    m_Uv:
      m_UseWorldSpace: 0
      m_FlipU: 0
      m_FlipV: 0
      m_SwapUV: 0
      m_Fill: 1
      m_Scale: {x: 1, y: 1}
      m_Offset: {x: 0, y: 0}
      m_Rotation: 0
      m_Anchor: 9
    m_Material: {fileID: 2100000, guid: 73c176f402d2c2f4d929aa5da7585d17, type: 2}
    m_SubmeshIndex: 0
    m_ManualUV: 0
    elementGroup: 0
    m_TextureGroup: -1
  - m_Indexes: 0c0000000d0000000e0000000d0000000f0000000e000000
    m_SmoothingGroup: 0
    m_Uv:
      m_UseWorldSpace: 0
      m_FlipU: 0
      m_FlipV: 0
      m_SwapUV: 0
      m_Fill: 1
      m_Scale: {x: 1, y: 1}
      m_Offset: {x: 0, y: 0}
      m_Rotation: 0
      m_Anchor: 9
    m_Material: {fileID: 2100000, guid: 73c176f402d2c2f4d929aa5da7585d17, type: 2}
    m_SubmeshIndex: 0
    m_ManualUV: 0
    elementGroup: 0
    m_TextureGroup: -1
  - m_Indexes: 100000001100000012000000110000001300000012000000
    m_SmoothingGroup: 0
    m_Uv:
      m_UseWorldSpace: 0
      m_FlipU: 0
      m_FlipV: 0
      m_SwapUV: 0
      m_Fill: 1
      m_Scale: {x: 1, y: 1}
      m_Offset: {x: 0, y: 0}
      m_Rotation: 0
      m_Anchor: 9
    m_Material: {fileID: 2100000, guid: 73c176f402d2c2f4d929aa5da7585d17, type: 2}
    m_SubmeshIndex: 0
    m_ManualUV: 0
    elementGroup: 0
    m_TextureGroup: -1
  - m_Indexes: 140000001500000016000000150000001700000016000000
    m_SmoothingGroup: 0
    m_Uv:
      m_UseWorldSpace: 0
      m_FlipU: 0
      m_FlipV: 0
      m_SwapUV: 0
      m_Fill: 1
      m_Scale: {x: 1, y: 1}
      m_Offset: {x: 0, y: 0}
      m_Rotation: 0
      m_Anchor: 9
    m_Material: {fileID: 2100000, guid: 73c176f402d2c2f4d929aa5da7585d17, type: 2}
    m_SubmeshIndex: 0
    m_ManualUV: 0
    elementGroup: 0
    m_TextureGroup: -1
  - m_Indexes: 18000000190000001a000000190000001b0000001a000000
    m_SmoothingGroup: 0
    m_Uv:
      m_UseWorldSpace: 0
      m_FlipU: 0
      m_FlipV: 0
      m_SwapUV: 0
      m_Fill: 1
      m_Scale: {x: 1, y: 1}
      m_Offset: {x: 0, y: 0}
      m_Rotation: 0
      m_Anchor: 9
    m_Material: {fileID: 2100000, guid: 73c176f402d2c2f4d929aa5da7585d17, type: 2}
    m_SubmeshIndex: 0
    m_ManualUV: 0
    elementGroup: 0
    m_TextureGroup: -1
  - m_Indexes: 1c0000001d0000001e0000001d0000001f0000001e000000
    m_SmoothingGroup: 0
    m_Uv:
      m_UseWorldSpace: 0
      m_FlipU: 0
      m_FlipV: 0
      m_SwapUV: 0
      m_Fill: 1
      m_Scale: {x: 1, y: 1}
      m_Offset: {x: 0, y: 0}
      m_Rotation: 0
      m_Anchor: 9
    m_Material: {fileID: 2100000, guid: 73c176f402d2c2f4d929aa5da7585d17, type: 2}
    m_SubmeshIndex: 0
    m_ManualUV: 0
    elementGroup: 0
    m_TextureGroup: -1
  - m_Indexes: 200000002100000022000000210000002300000022000000
    m_SmoothingGroup: 0
    m_Uv:
      m_UseWorldSpace: 0
      m_FlipU: 0
      m_FlipV: 0
      m_SwapUV: 0
      m_Fill: 1
      m_Scale: {x: 1, y: 1}
      m_Offset: {x: 0, y: 0}
      m_Rotation: 0
      m_Anchor: 9
    m_Material: {fileID: 2100000, guid: 73c176f402d2c2f4d929aa5da7585d17, type: 2}
    m_SubmeshIndex: 0
    m_ManualUV: 0
    elementGroup: 0
    m_TextureGroup: -1
  - m_Indexes: 240000002500000026000000250000002700000026000000
    m_SmoothingGroup: 0
    m_Uv:
      m_UseWorldSpace: 0
      m_FlipU: 0
      m_FlipV: 0
      m_SwapUV: 0
      m_Fill: 1
      m_Scale: {x: 1, y: 1}
      m_Offset: {x: 0, y: 0}
      m_Rotation: 0
      m_Anchor: 9
    m_Material: {fileID: 2100000, guid: 73c176f402d2c2f4d929aa5da7585d17, type: 2}
    m_SubmeshIndex: 0
    m_ManualUV: 0
    elementGroup: 0
    m_TextureGroup: -1
  - m_Indexes: 28000000290000002a000000290000002b0000002a000000
    m_SmoothingGroup: 0
    m_Uv:
      m_UseWorldSpace: 0
      m_FlipU: 0
      m_FlipV: 0
      m_SwapUV: 0
      m_Fill: 1
      m_Scale: {x: 1, y: 1}
      m_Offset: {x: 0, y: 0}
      m_Rotation: 0
      m_Anchor: 9
    m_Material: {fileID: 2100000, guid: 73c176f402d2c2f4d929aa5da7585d17, type: 2}
    m_SubmeshIndex: 0
    m_ManualUV: 0
    elementGroup: 0
    m_TextureGroup: -1
  - m_Indexes: 2c0000002d0000002e0000002d0000002f0000002e000000
    m_SmoothingGroup: 0
    m_Uv:
      m_UseWorldSpace: 0
      m_FlipU: 0
      m_FlipV: 0
      m_SwapUV: 0
      m_Fill: 1
      m_Scale: {x: 1, y: 1}
      m_Offset: {x: 0, y: 0}
      m_Rotation: 0
      m_Anchor: 9
    m_Material: {fileID: 2100000, guid: 73c176f402d2c2f4d929aa5da7585d17, type: 2}
    m_SubmeshIndex: 0
    m_ManualUV: 0
    elementGroup: 0
    m_TextureGroup: -1
  - m_Indexes: 300000003100000032000000310000003300000032000000
    m_SmoothingGroup: 0
    m_Uv:
      m_UseWorldSpace: 0
      m_FlipU: 0
      m_FlipV: 0
      m_SwapUV: 0
      m_Fill: 1
      m_Scale: {x: 1, y: 1}
      m_Offset: {x: 0, y: 0}
      m_Rotation: 0
      m_Anchor: 9
    m_Material: {fileID: 2100000, guid: 73c176f402d2c2f4d929aa5da7585d17, type: 2}
    m_SubmeshIndex: 0
    m_ManualUV: 0
    elementGroup: 0
    m_TextureGroup: -1
  - m_Indexes: 340000003500000036000000350000003700000036000000
    m_SmoothingGroup: 0
    m_Uv:
      m_UseWorldSpace: 0
      m_FlipU: 0
      m_FlipV: 0
      m_SwapUV: 0
      m_Fill: 1
      m_Scale: {x: 1, y: 1}
      m_Offset: {x: 0, y: 0}
      m_Rotation: 0
      m_Anchor: 9
    m_Material: {fileID: 2100000, guid: 73c176f402d2c2f4d929aa5da7585d17, type: 2}
    m_SubmeshIndex: 0
    m_ManualUV: 0
    elementGroup: 0
    m_TextureGroup: -1
  - m_Indexes: 38000000390000003a000000390000003b0000003a000000
    m_SmoothingGroup: 0
    m_Uv:
      m_UseWorldSpace: 0
      m_FlipU: 0
      m_FlipV: 0
      m_SwapUV: 0
      m_Fill: 1
      m_Scale: {x: 1, y: 1}
      m_Offset: {x: 0, y: 0}
      m_Rotation: 0
      m_Anchor: 9
    m_Material: {fileID: 2100000, guid: 73c176f402d2c2f4d929aa5da7585d17, type: 2}
    m_SubmeshIndex: 0
    m_ManualUV: 0
    elementGroup: 0
    m_TextureGroup: -1
  - m_Indexes: 3c0000003d0000003e0000003d0000003f0000003e000000
    m_SmoothingGroup: 0
    m_Uv:
      m_UseWorldSpace: 0
      m_FlipU: 0
      m_FlipV: 0
      m_SwapUV: 0
      m_Fill: 1
      m_Scale: {x: 1, y: 1}
      m_Offset: {x: 0, y: 0}
      m_Rotation: 0
      m_Anchor: 9
    m_Material: {fileID: 2100000, guid: 73c176f402d2c2f4d929aa5da7585d17, type: 2}
    m_SubmeshIndex: 0
    m_ManualUV: 0
    elementGroup: 0
    m_TextureGroup: -1
  - m_Indexes: 400000004100000042000000410000004300000042000000
    m_SmoothingGroup: 0
    m_Uv:
      m_UseWorldSpace: 0
      m_FlipU: 0
      m_FlipV: 0
      m_SwapUV: 0
      m_Fill: 1
      m_Scale: {x: 1, y: 1}
      m_Offset: {x: 0, y: 0}
      m_Rotation: 0
      m_Anchor: 9
    m_Material: {fileID: 2100000, guid: 73c176f402d2c2f4d929aa5da7585d17, type: 2}
    m_SubmeshIndex: 0
    m_ManualUV: 0
    elementGroup: 0
    m_TextureGroup: -1
  - m_Indexes: 440000004500000046000000450000004700000046000000
    m_SmoothingGroup: 0
    m_Uv:
      m_UseWorldSpace: 0
      m_FlipU: 0
      m_FlipV: 0
      m_SwapUV: 0
      m_Fill: 1
      m_Scale: {x: 1, y: 1}
      m_Offset: {x: 0, y: 0}
      m_Rotation: 0
      m_Anchor: 9
    m_Material: {fileID: 2100000, guid: 73c176f402d2c2f4d929aa5da7585d17, type: 2}
    m_SubmeshIndex: 0
    m_ManualUV: 0
    elementGroup: 0
    m_TextureGroup: -1
  - m_Indexes: 48000000490000004a000000490000004b0000004a000000
    m_SmoothingGroup: 0
    m_Uv:
      m_UseWorldSpace: 0
      m_FlipU: 0
      m_FlipV: 0
      m_SwapUV: 0
      m_Fill: 1
      m_Scale: {x: 1, y: 1}
      m_Offset: {x: 0, y: 0}
      m_Rotation: 0
      m_Anchor: 9
    m_Material: {fileID: 2100000, guid: 73c176f402d2c2f4d929aa5da7585d17, type: 2}
    m_SubmeshIndex: 0
    m_ManualUV: 0
    elementGroup: 0
    m_TextureGroup: -1
  - m_Indexes: 4c0000004d0000004e0000004d0000004f0000004e000000
    m_SmoothingGroup: 0
    m_Uv:
      m_UseWorldSpace: 0
      m_FlipU: 0
      m_FlipV: 0
      m_SwapUV: 0
      m_Fill: 1
      m_Scale: {x: 1, y: 1}
      m_Offset: {x: 0, y: 0}
      m_Rotation: 0
      m_Anchor: 9
    m_Material: {fileID: 2100000, guid: 73c176f402d2c2f4d929aa5da7585d17, type: 2}
    m_SubmeshIndex: 0
    m_ManualUV: 0
    elementGroup: 0
    m_TextureGroup: -1
  - m_Indexes: 500000005100000052000000510000005300000052000000
    m_SmoothingGroup: 0
    m_Uv:
      m_UseWorldSpace: 0
      m_FlipU: 0
      m_FlipV: 0
      m_SwapUV: 0
      m_Fill: 1
      m_Scale: {x: 1, y: 1}
      m_Offset: {x: 0, y: 0}
      m_Rotation: 0
      m_Anchor: 9
    m_Material: {fileID: 2100000, guid: 73c176f402d2c2f4d929aa5da7585d17, type: 2}
    m_SubmeshIndex: 0
    m_ManualUV: 0
    elementGroup: 0
    m_TextureGroup: -1
  - m_Indexes: 540000005500000056000000550000005700000056000000
    m_SmoothingGroup: 0
    m_Uv:
      m_UseWorldSpace: 0
      m_FlipU: 0
      m_FlipV: 0
      m_SwapUV: 0
      m_Fill: 1
      m_Scale: {x: 1, y: 1}
      m_Offset: {x: 0, y: 0}
      m_Rotation: 0
      m_Anchor: 9
    m_Material: {fileID: 2100000, guid: 73c176f402d2c2f4d929aa5da7585d17, type: 2}
    m_SubmeshIndex: 0
    m_ManualUV: 0
    elementGroup: 0
    m_TextureGroup: -1
  - m_Indexes: 58000000590000005a000000590000005b0000005a000000
    m_SmoothingGroup: 0
    m_Uv:
      m_UseWorldSpace: 0
      m_FlipU: 0
      m_FlipV: 0
      m_SwapUV: 0
      m_Fill: 1
      m_Scale: {x: 1, y: 1}
      m_Offset: {x: 0, y: 0}
      m_Rotation: 0
      m_Anchor: 9
    m_Material: {fileID: 2100000, guid: 73c176f402d2c2f4d929aa5da7585d17, type: 2}
    m_SubmeshIndex: 0
    m_ManualUV: 0
    elementGroup: 0
    m_TextureGroup: -1
  - m_Indexes: 5c0000005d0000005e0000005d0000005f0000005e000000
    m_SmoothingGroup: 0
    m_Uv:
      m_UseWorldSpace: 0
      m_FlipU: 0
      m_FlipV: 0
      m_SwapUV: 0
      m_Fill: 1
      m_Scale: {x: 1, y: 1}
      m_Offset: {x: 0, y: 0}
      m_Rotation: 0
      m_Anchor: 9
    m_Material: {fileID: 2100000, guid: 73c176f402d2c2f4d929aa5da7585d17, type: 2}
    m_SubmeshIndex: 0
    m_ManualUV: 0
    elementGroup: 0
    m_TextureGroup: -1
  - m_Indexes: 600000006100000062000000610000006300000062000000
    m_SmoothingGroup: 0
    m_Uv:
      m_UseWorldSpace: 0
      m_FlipU: 0
      m_FlipV: 0
      m_SwapUV: 0
      m_Fill: 1
      m_Scale: {x: 1, y: 1}
      m_Offset: {x: 0, y: 0}
      m_Rotation: 0
      m_Anchor: 9
    m_Material: {fileID: 2100000, guid: 73c176f402d2c2f4d929aa5da7585d17, type: 2}
    m_SubmeshIndex: 0
    m_ManualUV: 0
    elementGroup: 0
    m_TextureGroup: -1
  - m_Indexes: 640000006500000066000000650000006700000066000000
    m_SmoothingGroup: 0
    m_Uv:
      m_UseWorldSpace: 0
      m_FlipU: 0
      m_FlipV: 0
      m_SwapUV: 0
      m_Fill: 1
      m_Scale: {x: 1, y: 1}
      m_Offset: {x: 0, y: 0}
      m_Rotation: 0
      m_Anchor: 9
    m_Material: {fileID: 2100000, guid: 73c176f402d2c2f4d929aa5da7585d17, type: 2}
    m_SubmeshIndex: 0
    m_ManualUV: 0
    elementGroup: 0
    m_TextureGroup: -1
  - m_Indexes: 68000000690000006a000000690000006b0000006a000000
    m_SmoothingGroup: 0
    m_Uv:
      m_UseWorldSpace: 0
      m_FlipU: 0
      m_FlipV: 0
      m_SwapUV: 0
      m_Fill: 1
      m_Scale: {x: 1, y: 1}
      m_Offset: {x: 0, y: 0}
      m_Rotation: 0
      m_Anchor: 9
    m_Material: {fileID: 2100000, guid: 73c176f402d2c2f4d929aa5da7585d17, type: 2}
    m_SubmeshIndex: 0
    m_ManualUV: 0
    elementGroup: 0
    m_TextureGroup: -1
  - m_Indexes: 6c0000006d0000006e0000006d0000006f0000006e000000
    m_SmoothingGroup: 0
    m_Uv:
      m_UseWorldSpace: 0
      m_FlipU: 0
      m_FlipV: 0
      m_SwapUV: 0
      m_Fill: 1
      m_Scale: {x: 1, y: 1}
      m_Offset: {x: 0, y: 0}
      m_Rotation: 0
      m_Anchor: 9
    m_Material: {fileID: 2100000, guid: 73c176f402d2c2f4d929aa5da7585d17, type: 2}
    m_SubmeshIndex: 0
    m_ManualUV: 0
    elementGroup: 0
    m_TextureGroup: -1
  - m_Indexes: 700000007100000072000000710000007300000072000000
    m_SmoothingGroup: 0
    m_Uv:
      m_UseWorldSpace: 0
      m_FlipU: 0
      m_FlipV: 0
      m_SwapUV: 0
      m_Fill: 1
      m_Scale: {x: 1, y: 1}
      m_Offset: {x: 0, y: 0}
      m_Rotation: 0
      m_Anchor: 9
    m_Material: {fileID: 2100000, guid: 73c176f402d2c2f4d929aa5da7585d17, type: 2}
    m_SubmeshIndex: 0
    m_ManualUV: 0
    elementGroup: 0
    m_TextureGroup: -1
  - m_Indexes: 740000007500000076000000750000007700000076000000
    m_SmoothingGroup: 0
    m_Uv:
      m_UseWorldSpace: 0
      m_FlipU: 0
      m_FlipV: 0
      m_SwapUV: 0
      m_Fill: 1
      m_Scale: {x: 1, y: 1}
      m_Offset: {x: 0, y: 0}
      m_Rotation: 0
      m_Anchor: 9
    m_Material: {fileID: 2100000, guid: 73c176f402d2c2f4d929aa5da7585d17, type: 2}
    m_SubmeshIndex: 0
    m_ManualUV: 0
    elementGroup: 0
    m_TextureGroup: -1
  - m_Indexes: 78000000790000007a000000790000007b0000007a000000
    m_SmoothingGroup: 0
    m_Uv:
      m_UseWorldSpace: 0
      m_FlipU: 0
      m_FlipV: 0
      m_SwapUV: 0
      m_Fill: 1
      m_Scale: {x: 1, y: 1}
      m_Offset: {x: 0, y: 0}
      m_Rotation: 0
      m_Anchor: 9
    m_Material: {fileID: 2100000, guid: 73c176f402d2c2f4d929aa5da7585d17, type: 2}
    m_SubmeshIndex: 0
    m_ManualUV: 0
    elementGroup: 0
    m_TextureGroup: -1
  - m_Indexes: 7c0000007d0000007e0000007d0000007f0000007e000000
    m_SmoothingGroup: 0
    m_Uv:
      m_UseWorldSpace: 0
      m_FlipU: 0
      m_FlipV: 0
      m_SwapUV: 0
      m_Fill: 1
      m_Scale: {x: 1, y: 1}
      m_Offset: {x: 0, y: 0}
      m_Rotation: 0
      m_Anchor: 9
    m_Material: {fileID: 2100000, guid: 73c176f402d2c2f4d929aa5da7585d17, type: 2}
    m_SubmeshIndex: 0
    m_ManualUV: 0
    elementGroup: 0
    m_TextureGroup: -1
  - m_Indexes: 800000008100000082000000810000008300000082000000
    m_SmoothingGroup: 0
    m_Uv:
      m_UseWorldSpace: 0
      m_FlipU: 0
      m_FlipV: 0
      m_SwapUV: 0
      m_Fill: 1
      m_Scale: {x: 1, y: 1}
      m_Offset: {x: 0, y: 0}
      m_Rotation: 0
      m_Anchor: 9
    m_Material: {fileID: 2100000, guid: 73c176f402d2c2f4d929aa5da7585d17, type: 2}
    m_SubmeshIndex: 0
    m_ManualUV: 0
    elementGroup: 0
    m_TextureGroup: -1
  - m_Indexes: 840000008500000086000000850000008700000086000000
    m_SmoothingGroup: 0
    m_Uv:
      m_UseWorldSpace: 0
      m_FlipU: 0
      m_FlipV: 0
      m_SwapUV: 0
      m_Fill: 1
      m_Scale: {x: 1, y: 1}
      m_Offset: {x: 0, y: 0}
      m_Rotation: 0
      m_Anchor: 9
    m_Material: {fileID: 2100000, guid: 73c176f402d2c2f4d929aa5da7585d17, type: 2}
    m_SubmeshIndex: 0
    m_ManualUV: 0
    elementGroup: 0
    m_TextureGroup: -1
  - m_Indexes: 88000000890000008a000000890000008b0000008a000000
    m_SmoothingGroup: 0
    m_Uv:
      m_UseWorldSpace: 0
      m_FlipU: 0
      m_FlipV: 0
      m_SwapUV: 0
      m_Fill: 1
      m_Scale: {x: 1, y: 1}
      m_Offset: {x: 0, y: 0}
      m_Rotation: 0
      m_Anchor: 9
    m_Material: {fileID: 2100000, guid: 73c176f402d2c2f4d929aa5da7585d17, type: 2}
    m_SubmeshIndex: 0
    m_ManualUV: 0
    elementGroup: 0
    m_TextureGroup: -1
  - m_Indexes: 8c0000008d0000008e0000008d0000008f0000008e000000
    m_SmoothingGroup: 0
    m_Uv:
      m_UseWorldSpace: 0
      m_FlipU: 0
      m_FlipV: 0
      m_SwapUV: 0
      m_Fill: 1
      m_Scale: {x: 1, y: 1}
      m_Offset: {x: 0, y: 0}
      m_Rotation: 0
      m_Anchor: 9
    m_Material: {fileID: 2100000, guid: 73c176f402d2c2f4d929aa5da7585d17, type: 2}
    m_SubmeshIndex: 0
    m_ManualUV: 0
    elementGroup: 0
    m_TextureGroup: -1
  m_SharedVertices:
  - m_Vertices: 00000000
  - m_Vertices: 0100000004000000
  - m_Vertices: 0200000018000000
  - m_Vertices: 0300000006000000190000001c000000
  - m_Vertices: 0500000008000000
  - m_Vertices: 070000000a0000001d00000020000000
  - m_Vertices: 090000000c000000
  - m_Vertices: 0b0000000e0000002100000024000000
  - m_Vertices: 0d00000010000000
  - m_Vertices: 0f000000120000002500000028000000
  - m_Vertices: 1100000014000000
  - m_Vertices: 1300000016000000290000002c000000
  - m_Vertices: 15000000
  - m_Vertices: 170000002d000000
  - m_Vertices: 1a00000030000000
  - m_Vertices: 1b0000001e0000003100000034000000
  - m_Vertices: 1f000000220000003500000038000000
  - m_Vertices: 2300000026000000390000003c000000
  - m_Vertices: 270000002a0000003d00000040000000
  - m_Vertices: 2b0000002e0000004100000044000000
  - m_Vertices: 2f00000045000000
  - m_Vertices: 3200000048000000
  - m_Vertices: 3300000036000000490000004c000000
  - m_Vertices: 370000003a0000004d00000050000000
  - m_Vertices: 3b0000003e0000005100000054000000
  - m_Vertices: 3f000000420000005500000058000000
  - m_Vertices: 4300000046000000590000005c000000
  - m_Vertices: 470000005d000000
  - m_Vertices: 4a00000060000000
  - m_Vertices: 4b0000004e0000006100000064000000
  - m_Vertices: 4f000000520000006500000068000000
  - m_Vertices: 5300000056000000690000006c000000
  - m_Vertices: 570000005a0000006d00000070000000
  - m_Vertices: 5b0000005e0000007100000074000000
  - m_Vertices: 5f00000075000000
  - m_Vertices: 6200000078000000
  - m_Vertices: 6300000066000000790000007c000000
  - m_Vertices: 670000006a0000007d00000080000000
  - m_Vertices: 6b0000006e0000008100000084000000
  - m_Vertices: 6f000000720000008500000088000000
  - m_Vertices: 7300000076000000890000008c000000
  - m_Vertices: 770000008d000000
  - m_Vertices: 7a000000
  - m_Vertices: 7b0000007e000000
  - m_Vertices: 7f00000082000000
  - m_Vertices: 8300000086000000
  - m_Vertices: 870000008a000000
  - m_Vertices: 8b0000008e000000
  - m_Vertices: 8f000000
  m_SharedTextures: []
  m_Positions:
  - {x: 0, y: 0, z: 0}
  - {x: 0, y: 0, z: 0.8333334}
  - {x: 0.8333334, y: 0, z: 0}
  - {x: 0.8333334, y: 0, z: 0.8333334}
  - {x: 0, y: 0, z: 0.8333334}
  - {x: 0, y: 0, z: 1.6666667}
  - {x: 0.8333334, y: 0, z: 0.8333334}
  - {x: 0.8333334, y: 0, z: 1.6666667}
  - {x: 0, y: 0, z: 1.6666667}
  - {x: 0, y: 0, z: 2.5}
  - {x: 0.8333334, y: 0, z: 1.6666667}
  - {x: 0.8333334, y: 0, z: 2.5}
  - {x: 0, y: 0, z: 2.5}
  - {x: 0, y: 0, z: 3.3333333}
  - {x: 0.8333334, y: 0, z: 2.5}
  - {x: 0.8333334, y: 0, z: 3.3333333}
  - {x: 0, y: 0, z: 3.3333333}
  - {x: 0, y: 0, z: 4.1666665}
  - {x: 0.8333334, y: 0, z: 3.3333333}
  - {x: 0.8333334, y: 0, z: 4.1666665}
  - {x: 0, y: 0, z: 4.1666665}
  - {x: 0, y: 0, z: 5}
  - {x: 0.8333334, y: 0, z: 4.1666665}
  - {x: 0.8333334, y: 0, z: 5}
  - {x: 0.8333334, y: 0, z: 0}
  - {x: 0.8333334, y: 0, z: 0.8333334}
  - {x: 1.6666667, y: 0, z: 0}
  - {x: 1.6666667, y: 0, z: 0.8333334}
  - {x: 0.8333334, y: 0, z: 0.8333334}
  - {x: 0.8333334, y: 0, z: 1.6666667}
  - {x: 1.6666667, y: 0, z: 0.8333334}
  - {x: 1.6666667, y: 0, z: 1.6666667}
  - {x: 0.8333334, y: 0, z: 1.6666667}
  - {x: 0.8333334, y: 0, z: 2.5}
  - {x: 1.6666667, y: 0, z: 1.6666667}
  - {x: 1.6666667, y: 0, z: 2.5}
  - {x: 0.8333334, y: 0, z: 2.5}
  - {x: 0.8333334, y: 0, z: 3.3333333}
  - {x: 1.6666667, y: 0, z: 2.5}
  - {x: 1.6666667, y: 0, z: 3.3333333}
  - {x: 0.8333334, y: 0, z: 3.3333333}
  - {x: 0.8333334, y: 0, z: 4.1666665}
  - {x: 1.6666667, y: 0, z: 3.3333333}
  - {x: 1.6666667, y: 0, z: 4.1666665}
  - {x: 0.8333334, y: 0, z: 4.1666665}
  - {x: 0.8333334, y: 0, z: 5}
  - {x: 1.6666667, y: 0, z: 4.1666665}
  - {x: 1.6666667, y: 0, z: 5}
  - {x: 1.6666667, y: 0, z: 0}
  - {x: 1.6666667, y: 0, z: 0.8333334}
  - {x: 2.5, y: 0, z: 0}
  - {x: 2.5, y: 0, z: 0.8333334}
  - {x: 1.6666667, y: 0, z: 0.8333334}
  - {x: 1.6666667, y: 0, z: 1.6666667}
  - {x: 2.5, y: 0, z: 0.8333334}
  - {x: 2.5, y: 0, z: 1.6666667}
  - {x: 1.6666667, y: 0, z: 1.6666667}
  - {x: 1.6666667, y: 0, z: 2.5}
  - {x: 2.5, y: 0, z: 1.6666667}
  - {x: 2.5, y: 0, z: 2.5}
  - {x: 1.6666667, y: 0, z: 2.5}
  - {x: 1.6666667, y: 0, z: 3.3333333}
  - {x: 2.5, y: 0, z: 2.5}
  - {x: 2.5, y: 0, z: 3.3333333}
  - {x: 1.6666667, y: 0, z: 3.3333333}
  - {x: 1.6666667, y: 0, z: 4.1666665}
  - {x: 2.5, y: 0, z: 3.3333333}
  - {x: 2.5, y: 0, z: 4.1666665}
  - {x: 1.6666667, y: 0, z: 4.1666665}
  - {x: 1.6666667, y: 0, z: 5}
  - {x: 2.5, y: 0, z: 4.1666665}
  - {x: 2.5, y: 0, z: 5}
  - {x: 2.5, y: 0, z: 0}
  - {x: 2.5, y: 0, z: 0.8333334}
  - {x: 3.3333333, y: 0, z: 0}
  - {x: 3.3333333, y: 0, z: 0.8333334}
  - {x: 2.5, y: 0, z: 0.8333334}
  - {x: 2.5, y: 0, z: 1.6666667}
  - {x: 3.3333333, y: 0, z: 0.8333334}
  - {x: 3.3333333, y: 0, z: 1.6666667}
  - {x: 2.5, y: 0, z: 1.6666667}
  - {x: 2.5, y: 0, z: 2.5}
  - {x: 3.3333333, y: 0, z: 1.6666667}
  - {x: 3.3333333, y: 0, z: 2.5}
  - {x: 2.5, y: 0, z: 2.5}
  - {x: 2.5, y: 0, z: 3.3333333}
  - {x: 3.3333333, y: 0, z: 2.5}
  - {x: 3.3333333, y: 0, z: 3.3333333}
  - {x: 2.5, y: 0, z: 3.3333333}
  - {x: 2.5, y: 0, z: 4.1666665}
  - {x: 3.3333333, y: 0, z: 3.3333333}
  - {x: 3.3333333, y: 0, z: 4.1666665}
  - {x: 2.5, y: 0, z: 4.1666665}
  - {x: 2.5, y: 0, z: 5}
  - {x: 3.3333333, y: 0, z: 4.1666665}
  - {x: 3.3333333, y: 0, z: 5}
  - {x: 3.3333333, y: 0, z: 0}
  - {x: 3.3333333, y: 0, z: 0.8333334}
  - {x: 4.1666665, y: 0, z: 0}
  - {x: 4.1666665, y: 0, z: 0.8333334}
  - {x: 3.3333333, y: 0, z: 0.8333334}
  - {x: 3.3333333, y: 0, z: 1.6666667}
  - {x: 4.1666665, y: 0, z: 0.8333334}
  - {x: 4.1666665, y: 0, z: 1.6666667}
  - {x: 3.3333333, y: 0, z: 1.6666667}
  - {x: 3.3333333, y: 0, z: 2.5}
  - {x: 4.1666665, y: 0, z: 1.6666667}
  - {x: 4.1666665, y: 0, z: 2.5}
  - {x: 3.3333333, y: 0, z: 2.5}
  - {x: 3.3333333, y: 0, z: 3.3333333}
  - {x: 4.1666665, y: 0, z: 2.5}
  - {x: 4.1666665, y: 0, z: 3.3333333}
  - {x: 3.3333333, y: 0, z: 3.3333333}
  - {x: 3.3333333, y: 0, z: 4.1666665}
  - {x: 4.1666665, y: 0, z: 3.3333333}
  - {x: 4.1666665, y: 0, z: 4.1666665}
  - {x: 3.3333333, y: 0, z: 4.1666665}
  - {x: 3.3333333, y: 0, z: 5}
  - {x: 4.1666665, y: 0, z: 4.1666665}
  - {x: 4.1666665, y: 0, z: 5}
  - {x: 4.1666665, y: 0, z: 0}
  - {x: 4.1666665, y: 0, z: 0.8333334}
  - {x: 5, y: 0, z: 0}
  - {x: 5, y: 0, z: 0.8333334}
  - {x: 4.1666665, y: 0, z: 0.8333334}
  - {x: 4.1666665, y: 0, z: 1.6666667}
  - {x: 5, y: 0, z: 0.8333334}
  - {x: 5, y: 0, z: 1.6666667}
  - {x: 4.1666665, y: 0, z: 1.6666667}
  - {x: 4.1666665, y: 0, z: 2.5}
  - {x: 5, y: 0, z: 1.6666667}
  - {x: 5, y: 0, z: 2.5}
  - {x: 4.1666665, y: 0, z: 2.5}
  - {x: 4.1666665, y: 0, z: 3.3333333}
  - {x: 5, y: 0, z: 2.5}
  - {x: 5, y: 0, z: 3.3333333}
  - {x: 4.1666665, y: 0, z: 3.3333333}
  - {x: 4.1666665, y: 0, z: 4.1666665}
  - {x: 5, y: 0, z: 3.3333333}
  - {x: 5, y: 0, z: 4.1666665}
  - {x: 4.1666665, y: 0, z: 4.1666665}
  - {x: 4.1666665, y: 0, z: 5}
  - {x: 5, y: 0, z: 4.1666665}
  - {x: 5, y: 0, z: 5}
  m_Textures0:
  - {x: 0, y: 0}
  - {x: 0, y: 0.8333334}
  - {x: 0.8333334, y: 0}
  - {x: 0.8333334, y: 0.8333334}
  - {x: 0, y: 0.8333334}
  - {x: 0, y: 1.6666667}
  - {x: 0.8333334, y: 0.8333334}
  - {x: 0.8333334, y: 1.6666667}
  - {x: 0, y: 1.6666667}
  - {x: 0, y: 2.5}
  - {x: 0.8333334, y: 1.6666667}
  - {x: 0.8333334, y: 2.5}
  - {x: 0, y: 2.5}
  - {x: 0, y: 3.3333333}
  - {x: 0.8333334, y: 2.5}
  - {x: 0.8333334, y: 3.3333333}
  - {x: 0, y: 3.3333333}
  - {x: 0, y: 4.1666665}
  - {x: 0.8333334, y: 3.3333333}
  - {x: 0.8333334, y: 4.1666665}
  - {x: 0, y: 4.1666665}
  - {x: 0, y: 5}
  - {x: 0.8333334, y: 4.1666665}
  - {x: 0.8333334, y: 5}
  - {x: 0.8333334, y: 0}
  - {x: 0.8333334, y: 0.8333334}
  - {x: 1.6666667, y: 0}
  - {x: 1.6666667, y: 0.8333334}
  - {x: 0.8333334, y: 0.8333334}
  - {x: 0.8333334, y: 1.6666667}
  - {x: 1.6666667, y: 0.8333334}
  - {x: 1.6666667, y: 1.6666667}
  - {x: 0.8333334, y: 1.6666667}
  - {x: 0.8333334, y: 2.5}
  - {x: 1.6666667, y: 1.6666667}
  - {x: 1.6666667, y: 2.5}
  - {x: 0.8333334, y: 2.5}
  - {x: 0.8333334, y: 3.3333333}
  - {x: 1.6666667, y: 2.5}
  - {x: 1.6666667, y: 3.3333333}
  - {x: 0.8333334, y: 3.3333333}
  - {x: 0.8333334, y: 4.1666665}
  - {x: 1.6666667, y: 3.3333333}
  - {x: 1.6666667, y: 4.1666665}
  - {x: 0.8333334, y: 4.1666665}
  - {x: 0.8333334, y: 5}
  - {x: 1.6666667, y: 4.1666665}
  - {x: 1.6666667, y: 5}
  - {x: 1.6666667, y: 0}
  - {x: 1.6666667, y: 0.8333334}
  - {x: 2.5, y: 0}
  - {x: 2.5, y: 0.8333334}
  - {x: 1.6666667, y: 0.8333334}
  - {x: 1.6666667, y: 1.6666667}
  - {x: 2.5, y: 0.8333334}
  - {x: 2.5, y: 1.6666667}
  - {x: 1.6666667, y: 1.6666667}
  - {x: 1.6666667, y: 2.5}
  - {x: 2.5, y: 1.6666667}
  - {x: 2.5, y: 2.5}
  - {x: 1.6666667, y: 2.5}
  - {x: 1.6666667, y: 3.3333333}
  - {x: 2.5, y: 2.5}
  - {x: 2.5, y: 3.3333333}
  - {x: 1.6666667, y: 3.3333333}
  - {x: 1.6666667, y: 4.1666665}
  - {x: 2.5, y: 3.3333333}
  - {x: 2.5, y: 4.1666665}
  - {x: 1.6666667, y: 4.1666665}
  - {x: 1.6666667, y: 5}
  - {x: 2.5, y: 4.1666665}
  - {x: 2.5, y: 5}
  - {x: 2.5, y: 0}
  - {x: 2.5, y: 0.8333334}
  - {x: 3.3333333, y: 0}
  - {x: 3.3333333, y: 0.8333334}
  - {x: 2.5, y: 0.8333334}
  - {x: 2.5, y: 1.6666667}
  - {x: 3.3333333, y: 0.8333334}
  - {x: 3.3333333, y: 1.6666667}
  - {x: 2.5, y: 1.6666667}
  - {x: 2.5, y: 2.5}
  - {x: 3.3333333, y: 1.6666667}
  - {x: 3.3333333, y: 2.5}
  - {x: 2.5, y: 2.5}
  - {x: 2.5, y: 3.3333333}
  - {x: 3.3333333, y: 2.5}
  - {x: 3.3333333, y: 3.3333333}
  - {x: 2.5, y: 3.3333333}
  - {x: 2.5, y: 4.1666665}
  - {x: 3.3333333, y: 3.3333333}
  - {x: 3.3333333, y: 4.1666665}
  - {x: 2.5, y: 4.1666665}
  - {x: 2.5, y: 5}
  - {x: 3.3333333, y: 4.1666665}
  - {x: 3.3333333, y: 5}
  - {x: 3.3333333, y: 0}
  - {x: 3.3333333, y: 0.8333334}
  - {x: 4.1666665, y: 0}
  - {x: 4.1666665, y: 0.8333334}
  - {x: 3.3333333, y: 0.8333334}
  - {x: 3.3333333, y: 1.6666667}
  - {x: 4.1666665, y: 0.8333334}
  - {x: 4.1666665, y: 1.6666667}
  - {x: 3.3333333, y: 1.6666667}
  - {x: 3.3333333, y: 2.5}
  - {x: 4.1666665, y: 1.6666667}
  - {x: 4.1666665, y: 2.5}
  - {x: 3.3333333, y: 2.5}
  - {x: 3.3333333, y: 3.3333333}
  - {x: 4.1666665, y: 2.5}
  - {x: 4.1666665, y: 3.3333333}
  - {x: 3.3333333, y: 3.3333333}
  - {x: 3.3333333, y: 4.1666665}
  - {x: 4.1666665, y: 3.3333333}
  - {x: 4.1666665, y: 4.1666665}
  - {x: 3.3333333, y: 4.1666665}
  - {x: 3.3333333, y: 5}
  - {x: 4.1666665, y: 4.1666665}
  - {x: 4.1666665, y: 5}
  - {x: 4.1666665, y: 0}
  - {x: 4.1666665, y: 0.8333334}
  - {x: 5, y: 0}
  - {x: 5, y: 0.8333334}
  - {x: 4.1666665, y: 0.8333334}
  - {x: 4.1666665, y: 1.6666667}
  - {x: 5, y: 0.8333334}
  - {x: 5, y: 1.6666667}
  - {x: 4.1666665, y: 1.6666667}
  - {x: 4.1666665, y: 2.5}
  - {x: 5, y: 1.6666667}
  - {x: 5, y: 2.5}
  - {x: 4.1666665, y: 2.5}
  - {x: 4.1666665, y: 3.3333333}
  - {x: 5, y: 2.5}
  - {x: 5, y: 3.3333333}
  - {x: 4.1666665, y: 3.3333333}
  - {x: 4.1666665, y: 4.1666665}
  - {x: 5, y: 3.3333333}
  - {x: 5, y: 4.1666665}
  - {x: 4.1666665, y: 4.1666665}
  - {x: 4.1666665, y: 5}
  - {x: 5, y: 4.1666665}
  - {x: 5, y: 5}
  m_Textures2: []
  m_Textures3: []
  m_Tangents:
  - {x: 1, y: 0, z: 0, w: -1}
  - {x: 1, y: 0, z: 0, w: -1}
  - {x: 1, y: 0, z: 0, w: -1}
  - {x: 1, y: 0, z: 0, w: -1}
  - {x: 1, y: 0, z: 0, w: -1}
  - {x: 1, y: 0, z: 0, w: -1}
  - {x: 1, y: 0, z: 0, w: -1}
  - {x: 1, y: 0, z: 0, w: -1}
  - {x: 1, y: 0, z: 0, w: -1}
  - {x: 1, y: 0, z: 0, w: -1}
  - {x: 1, y: 0, z: 0, w: -1}
  - {x: 1, y: 0, z: 0, w: -1}
  - {x: 1, y: 0, z: 0, w: -1}
  - {x: 1, y: 0, z: 0, w: -1}
  - {x: 1, y: 0, z: 0, w: -1}
  - {x: 1, y: 0, z: 0, w: -1}
  - {x: 1, y: 0, z: 0, w: -1}
  - {x: 1, y: 0, z: 0, w: -1}
  - {x: 1, y: 0, z: 0, w: -1}
  - {x: 1, y: 0, z: 0, w: -1}
  - {x: 1, y: 0, z: 0, w: -1}
  - {x: 1, y: 0, z: 0, w: -1}
  - {x: 1, y: 0, z: 0, w: -1}
  - {x: 1, y: 0, z: 0, w: -1}
  - {x: 1, y: 0, z: 0, w: -1}
  - {x: 1, y: 0, z: 0, w: -1}
  - {x: 1, y: 0, z: 0, w: -1}
  - {x: 1, y: 0, z: 0, w: -1}
  - {x: 1, y: 0, z: 0, w: -1}
  - {x: 1, y: 0, z: 0, w: -1}
  - {x: 1, y: 0, z: 0, w: -1}
  - {x: 1, y: 0, z: 0, w: -1}
  - {x: 1, y: 0, z: 0, w: -1}
  - {x: 1, y: 0, z: 0, w: -1}
  - {x: 1, y: 0, z: 0, w: -1}
  - {x: 1, y: 0, z: 0, w: -1}
  - {x: 1, y: 0, z: 0, w: -1}
  - {x: 1, y: 0, z: 0, w: -1}
  - {x: 1, y: 0, z: 0, w: -1}
  - {x: 1, y: 0, z: 0, w: -1}
  - {x: 1, y: 0, z: 0, w: -1}
  - {x: 1, y: 0, z: 0, w: -1}
  - {x: 1, y: 0, z: 0, w: -1}
  - {x: 1, y: 0, z: 0, w: -1}
  - {x: 1, y: 0, z: 0, w: -1}
  - {x: 1, y: 0, z: 0, w: -1}
  - {x: 1, y: 0, z: 0, w: -1}
  - {x: 1, y: 0, z: 0, w: -1}
  - {x: 1, y: 0, z: 0, w: -1}
  - {x: 1, y: 0, z: 0, w: -1}
  - {x: 1, y: 0, z: 0, w: -1}
  - {x: 1, y: 0, z: 0, w: -1}
  - {x: 1, y: 0, z: 0, w: -1}
  - {x: 1, y: 0, z: 0, w: -1}
  - {x: 1, y: 0, z: 0, w: -1}
  - {x: 1, y: 0, z: 0, w: -1}
  - {x: 1, y: 0, z: 0, w: -1}
  - {x: 1, y: 0, z: 0, w: -1}
  - {x: 1, y: 0, z: 0, w: -1}
  - {x: 1, y: 0, z: 0, w: -1}
  - {x: 1, y: 0, z: 0, w: -1}
  - {x: 1, y: 0, z: 0, w: -1}
  - {x: 1, y: 0, z: 0, w: -1}
  - {x: 1, y: 0, z: 0, w: -1}
  - {x: 1, y: 0, z: 0, w: -1}
  - {x: 1, y: 0, z: 0, w: -1}
  - {x: 1, y: 0, z: 0, w: -1}
  - {x: 1, y: 0, z: 0, w: -1}
  - {x: 1, y: 0, z: 0, w: -1}
  - {x: 1, y: 0, z: 0, w: -1}
  - {x: 1, y: 0, z: 0, w: -1}
  - {x: 1, y: 0, z: 0, w: -1}
  - {x: 1, y: 0, z: 0, w: -1}
  - {x: 1, y: 0, z: 0, w: -1}
  - {x: 1, y: 0, z: 0, w: -1}
  - {x: 1, y: 0, z: 0, w: -1}
  - {x: 1, y: 0, z: 0, w: -1}
  - {x: 1, y: 0, z: 0, w: -1}
  - {x: 1, y: 0, z: 0, w: -1}
  - {x: 1, y: 0, z: 0, w: -1}
  - {x: 1, y: 0, z: 0, w: -1}
  - {x: 1, y: 0, z: 0, w: -1}
  - {x: 1, y: 0, z: 0, w: -1}
  - {x: 1, y: 0, z: 0, w: -1}
  - {x: 1, y: 0, z: 0, w: -1}
  - {x: 1, y: 0, z: 0, w: -1}
  - {x: 1, y: 0, z: 0, w: -1}
  - {x: 1, y: 0, z: 0, w: -1}
  - {x: 1, y: 0, z: 0, w: -1}
  - {x: 1, y: 0, z: 0, w: -1}
  - {x: 1, y: 0, z: 0, w: -1}
  - {x: 1, y: 0, z: 0, w: -1}
  - {x: 1, y: 0, z: 0, w: -1}
  - {x: 1, y: 0, z: 0, w: -1}
  - {x: 1, y: 0, z: 0, w: -1}
  - {x: 1, y: 0, z: 0, w: -1}
  - {x: 1, y: 0, z: 0, w: -1}
  - {x: 1, y: 0, z: 0, w: -1}
  - {x: 1, y: 0, z: 0, w: -1}
  - {x: 1, y: 0, z: 0, w: -1}
  - {x: 1, y: 0, z: 0, w: -1}
  - {x: 1, y: 0, z: 0, w: -1}
  - {x: 1, y: 0, z: 0, w: -1}
  - {x: 1, y: 0, z: 0, w: -1}
  - {x: 1, y: 0, z: 0, w: -1}
  - {x: 1, y: 0, z: 0, w: -1}
  - {x: 1, y: 0, z: 0, w: -1}
  - {x: 1, y: 0, z: 0, w: -1}
  - {x: 1, y: 0, z: 0, w: -1}
  - {x: 1, y: 0, z: 0, w: -1}
  - {x: 1, y: 0, z: 0, w: -1}
  - {x: 1, y: 0, z: 0, w: -1}
  - {x: 1, y: 0, z: 0, w: -1}
  - {x: 1, y: 0, z: 0, w: -1}
  - {x: 1, y: 0, z: 0, w: -1}
  - {x: 1, y: 0, z: 0, w: -1}
  - {x: 1, y: 0, z: 0, w: -1}
  - {x: 1, y: 0, z: 0, w: -1}
  - {x: 1, y: 0, z: 0, w: -1}
  - {x: 1, y: 0, z: 0, w: -1}
  - {x: 1, y: 0, z: 0, w: -1}
  - {x: 1, y: 0, z: 0, w: -1}
  - {x: 1, y: 0, z: 0, w: -1}
  - {x: 1, y: 0, z: 0, w: -1}
  - {x: 1, y: 0, z: 0, w: -1}
  - {x: 1, y: 0, z: 0, w: -1}
  - {x: 1, y: 0, z: 0, w: -1}
  - {x: 1, y: 0, z: 0, w: -1}
  - {x: 1, y: 0, z: 0, w: -1}
  - {x: 1, y: 0, z: 0, w: -1}
  - {x: 1, y: 0, z: 0, w: -1}
  - {x: 1, y: 0, z: 0, w: -1}
  - {x: 1, y: 0, z: 0, w: -1}
  - {x: 1, y: 0, z: 0, w: -1}
  - {x: 1, y: 0, z: 0, w: -1}
  - {x: 1, y: 0, z: 0, w: -1}
  - {x: 1, y: 0, z: 0, w: -1}
  - {x: 1, y: 0, z: 0, w: -1}
  - {x: 1, y: 0, z: 0, w: -1}
  - {x: 1, y: 0, z: 0, w: -1}
  - {x: 1, y: 0, z: 0, w: -1}
  - {x: 1, y: 0, z: 0, w: -1}
  - {x: 1, y: 0, z: 0, w: -1}
  - {x: 1, y: 0, z: 0, w: -1}
  m_Colors: []
  m_UnwrapParameters:
    m_HardAngle: 88
    m_PackMargin: 20
    m_AngleError: 8
    m_AreaError: 15
  m_PreserveMeshAssetOnDestroy: 0
  assetGuid: 
  m_Mesh: {fileID: 1704012085}
  m_VersionIndex: 8
  m_IsSelectable: 1
  m_SelectedFaces: 
  m_SelectedEdges: []
  m_SelectedVertices: 
--- !u!4 &1647161237
Transform:
  m_ObjectHideFlags: 0
  m_CorrespondingSourceObject: {fileID: 0}
  m_PrefabInstance: {fileID: 0}
  m_PrefabAsset: {fileID: 0}
  m_GameObject: {fileID: 1647161232}
  m_LocalRotation: {x: 0, y: 0, z: 0, w: 1}
  m_LocalPosition: {x: -14, y: 7, z: 3}
  m_LocalScale: {x: 1, y: 1, z: 1}
  m_ConstrainProportionsScale: 0
  m_Children: []
  m_Father: {fileID: 0}
  m_RootOrder: 4
  m_LocalEulerAnglesHint: {x: 0, y: 0, z: 0}
--- !u!43 &1704012085
Mesh:
  m_ObjectHideFlags: 0
  m_CorrespondingSourceObject: {fileID: 0}
  m_PrefabInstance: {fileID: 0}
  m_PrefabAsset: {fileID: 0}
  m_Name: pb_Mesh-6642
  serializedVersion: 10
  m_SubMeshes:
  - serializedVersion: 2
    firstByte: 0
    indexCount: 216
    topology: 0
    baseVertex: 0
    firstVertex: 0
    vertexCount: 49
    localAABB:
      m_Center: {x: 2.5, y: 0, z: 2.5}
      m_Extent: {x: 2.5, y: 0, z: 2.5}
  m_Shapes:
    vertices: []
    shapes: []
    channels: []
    fullWeights: []
  m_BindPose: []
  m_BoneNameHashes: 
  m_RootBoneNameHash: 0
  m_BonesAABB: []
  m_VariableBoneCountWeights:
    m_Data: 
  m_MeshCompression: 0
  m_IsReadable: 1
  m_KeepVertices: 1
  m_KeepIndices: 1
  m_IndexFormat: 0
  m_IndexBuffer: 00000100020001000300020001000400030004000500030004000600050006000700050006000800070008000900070008000a0009000a000b0009000a000c000b000c000d000b00020003000e0003000f000e00030005000f00050010000f0005000700100007001100100007000900110009001200110009000b0012000b00130012000b000d0013000d00140013000e000f0015000f00160015000f001000160010001700160010001100170011001800170011001200180012001900180012001300190013001a001900130014001a0014001b001a00150016001c0016001d001c00160017001d0017001e001d00170018001e0018001f001e00180019001f00190020001f0019001a0020001a00210020001a001b0021001b00220021001c001d0023001d00240023001d001e0024001e00250024001e001f0025001f00260025001f0020002600200027002600200021002700210028002700210022002800220029002800230024002a0024002b002a00240025002b0025002c002b00250026002c0026002d002c00260027002d0027002e002d00270028002e0028002f002e00280029002f00290030002f00
  m_VertexData:
    serializedVersion: 3
    m_VertexCount: 49
    m_Channels:
    - stream: 0
      offset: 0
      format: 0
      dimension: 3
    - stream: 0
      offset: 12
      format: 0
      dimension: 3
    - stream: 0
      offset: 24
      format: 0
      dimension: 4
    - stream: 0
      offset: 0
      format: 0
      dimension: 0
    - stream: 0
      offset: 40
      format: 0
      dimension: 2
    - stream: 0
      offset: 0
      format: 0
      dimension: 0
    - stream: 0
      offset: 0
      format: 0
      dimension: 0
    - stream: 0
      offset: 0
      format: 0
      dimension: 0
    - stream: 0
      offset: 0
      format: 0
      dimension: 0
    - stream: 0
      offset: 0
      format: 0
      dimension: 0
    - stream: 0
      offset: 0
      format: 0
      dimension: 0
    - stream: 0
      offset: 0
      format: 0
      dimension: 0
    - stream: 0
      offset: 0
      format: 0
      dimension: 0
    - stream: 0
      offset: 0
      format: 0
      dimension: 0
    m_DataSize: 2352
    _typelessdata: 000000000000000000000000000000000000803f000000000000803f0000000000000000000080bf000000000000000000000000000000005655553f000000000000803f000000000000803f0000000000000000000080bf000000005655553f5655553f0000000000000000000000000000803f000000000000803f0000000000000000000080bf5655553f000000005655553f000000005655553f000000000000803f000000000000803f0000000000000000000080bf5655553f5655553f00000000000000005655d53f000000000000803f000000000000803f0000000000000000000080bf000000005655d53f5655553f000000005655d53f000000000000803f000000000000803f0000000000000000000080bf5655553f5655d53f000000000000000000002040000000000000803f000000000000803f0000000000000000000080bf00000000000020405655553f0000000000002040000000000000803f000000000000803f0000000000000000000080bf5655553f00002040000000000000000055555540000000000000803f000000000000803f0000000000000000000080bf00000000555555405655553f0000000055555540000000000000803f000000000000803f0000000000000000000080bf5655553f55555540000000000000000055558540000000000000803f000000000000803f0000000000000000000080bf00000000555585405655553f0000000055558540000000000000803f000000000000803f0000000000000000000080bf5655553f5555854000000000000000000000a040000000000000803f000000000000803f0000000000000000000080bf000000000000a0405655553f000000000000a040000000000000803f000000000000803f0000000000000000000080bf5655553f0000a0405655d53f0000000000000000000000000000803f000000000000803f0000000000000000000080bf5655d53f000000005655d53f000000005655553f000000000000803f000000000000803f0000000000000000000080bf5655d53f5655553f5655d53f000000005655d53f000000000000803f000000000000803f0000000000000000000080bf5655d53f5655d53f5655d53f0000000000002040000000000000803f000000000000803f0000000000000000000080bf5655d53f000020405655d53f0000000055555540000000000000803f000000000000803f0000000000000000000080bf5655d53f555555405655d53f0000000055558540000000000000803f000000000000803f0000000000000000000080bf5655d53f555585405655d53f000000000000a040000000000000803f000000000000803f0000000000000000000080bf5655d53f0000a040000020400000000000000000000000000000803f000000000000803f0000000000000000000080bf000020400000000000002040000000005655553f000000000000803f000000000000803f0000000000000000000080bf000020405655553f00002040000000005655d53f000000000000803f000000000000803f0000000000000000000080bf000020405655d53f000020400000000000002040000000000000803f000000000000803f0000000000000000000080bf0000204000002040000020400000000055555540000000000000803f000000000000803f0000000000000000000080bf0000204055555540000020400000000055558540000000000000803f000000000000803f0000000000000000000080bf000020405555854000002040000000000000a040000000000000803f000000000000803f0000000000000000000080bf000020400000a040555555400000000000000000000000000000803f000000000000803f0000000000000000000080bf555555400000000055555540000000005655553f000000000000803f000000000000803f0000000000000000000080bf555555405655553f55555540000000005655d53f000000000000803f000000000000803f0000000000000000000080bf555555405655d53f555555400000000000002040000000000000803f000000000000803f0000000000000000000080bf5555554000002040555555400000000055555540000000000000803f000000000000803f0000000000000000000080bf5555554055555540555555400000000055558540000000000000803f000000000000803f0000000000000000000080bf555555405555854055555540000000000000a040000000000000803f000000000000803f0000000000000000000080bf555555400000a040555585400000000000000000000000000000803f000000000000803f0000000000000000000080bf555585400000000055558540000000005655553f000000000000803f000000000000803f0000000000000000000080bf555585405655553f55558540000000005655d53f000000000000803f000000000000803f0000000000000000000080bf555585405655d53f555585400000000000002040000000000000803f000000000000803f0000000000000000000080bf5555854000002040555585400000000055555540000000000000803f000000000000803f0000000000000000000080bf5555854055555540555585400000000055558540000000000000803f000000000000803f0000000000000000000080bf555585405555854055558540000000000000a040000000000000803f000000000000803f0000000000000000000080bf555585400000a0400000a0400000000000000000000000000000803f000000000000803f0000000000000000000080bf0000a040000000000000a040000000005655553f000000000000803f000000000000803f0000000000000000000080bf0000a0405655553f0000a040000000005655d53f000000000000803f000000000000803f0000000000000000000080bf0000a0405655d53f0000a0400000000000002040000000000000803f000000000000803f0000000000000000000080bf0000a040000020400000a0400000000055555540000000000000803f000000000000803f0000000000000000000080bf0000a040555555400000a0400000000055558540000000000000803f000000000000803f0000000000000000000080bf0000a040555585400000a040000000000000a040000000000000803f000000000000803f0000000000000000000080bf0000a0400000a040
  m_CompressedMesh:
    m_Vertices:
      m_NumItems: 0
      m_Range: 0
      m_Start: 0
      m_Data: 
      m_BitSize: 0
    m_UV:
      m_NumItems: 0
      m_Range: 0
      m_Start: 0
      m_Data: 
      m_BitSize: 0
    m_Normals:
      m_NumItems: 0
      m_Range: 0
      m_Start: 0
      m_Data: 
      m_BitSize: 0
    m_Tangents:
      m_NumItems: 0
      m_Range: 0
      m_Start: 0
      m_Data: 
      m_BitSize: 0
    m_Weights:
      m_NumItems: 0
      m_Data: 
      m_BitSize: 0
    m_NormalSigns:
      m_NumItems: 0
      m_Data: 
      m_BitSize: 0
    m_TangentSigns:
      m_NumItems: 0
      m_Data: 
      m_BitSize: 0
    m_FloatColors:
      m_NumItems: 0
      m_Range: 0
      m_Start: 0
      m_Data: 
      m_BitSize: 0
    m_BoneIndices:
      m_NumItems: 0
      m_Data: 
      m_BitSize: 0
    m_Triangles:
      m_NumItems: 0
      m_Data: 
      m_BitSize: 0
    m_UVInfo: 0
  m_LocalAABB:
    m_Center: {x: 2.5, y: 0, z: 2.5}
    m_Extent: {x: 2.5, y: 0, z: 2.5}
  m_MeshUsageFlags: 0
  m_BakedConvexCollisionMesh: 
  m_BakedTriangleCollisionMesh: 
  m_MeshMetrics[0]: 1
  m_MeshMetrics[1]: 1
  m_MeshOptimizationFlags: 1
  m_StreamData:
    serializedVersion: 2
    offset: 0
    size: 0
    path: 
--- !u!1 &1966556492
GameObject:
  m_ObjectHideFlags: 1
  m_CorrespondingSourceObject: {fileID: 0}
  m_PrefabInstance: {fileID: 0}
  m_PrefabAsset: {fileID: 0}
  serializedVersion: 6
  m_Component:
  - component: {fileID: 1966556494}
  - component: {fileID: 1966556493}
  m_Layer: 0
  m_Name: StaticLightingSky
  m_TagString: Untagged
  m_Icon: {fileID: 0}
  m_NavMeshLayer: 0
  m_StaticEditorFlags: 0
  m_IsActive: 1
--- !u!114 &1966556493
MonoBehaviour:
  m_ObjectHideFlags: 1
  m_CorrespondingSourceObject: {fileID: 0}
  m_PrefabInstance: {fileID: 0}
  m_PrefabAsset: {fileID: 0}
  m_GameObject: {fileID: 1966556492}
  m_Enabled: 1
  m_EditorHideFlags: 0
  m_Script: {fileID: 11500000, guid: 441482e8936e35048a1dffac814e3ef8, type: 3}
  m_Name: 
  m_EditorClassIdentifier: 
  m_Profile: {fileID: 11400000, guid: 73a0eb5f9ddadf54287fa6e965a0fef7, type: 2}
  m_StaticLightingSkyUniqueID: 0
  m_StaticLightingCloudsUniqueID: 0
  m_StaticLightingVolumetricClouds: 1
--- !u!4 &1966556494
Transform:
  m_ObjectHideFlags: 1
  m_CorrespondingSourceObject: {fileID: 0}
  m_PrefabInstance: {fileID: 0}
  m_PrefabAsset: {fileID: 0}
  m_GameObject: {fileID: 1966556492}
  m_LocalRotation: {x: 0, y: 0, z: 0, w: 1}
  m_LocalPosition: {x: 0, y: 0, z: 0}
  m_LocalScale: {x: 1, y: 1, z: 1}
  m_ConstrainProportionsScale: 0
  m_Children: []
  m_Father: {fileID: 0}
  m_RootOrder: 1
  m_LocalEulerAnglesHint: {x: 0, y: 0, z: 0}
--- !u!1 &2114283753834967212
GameObject:
  m_ObjectHideFlags: 0
  m_CorrespondingSourceObject: {fileID: 0}
  m_PrefabInstance: {fileID: 0}
  m_PrefabAsset: {fileID: 0}
  serializedVersion: 6
  m_Component:
  - component: {fileID: 2114283753834967213}
  m_Layer: 0
  m_Name: Lighting
  m_TagString: Untagged
  m_Icon: {fileID: 0}
  m_NavMeshLayer: 0
  m_StaticEditorFlags: 0
  m_IsActive: 1
--- !u!4 &2114283753834967213
Transform:
  m_ObjectHideFlags: 0
  m_CorrespondingSourceObject: {fileID: 0}
  m_PrefabInstance: {fileID: 0}
  m_PrefabAsset: {fileID: 0}
  m_GameObject: {fileID: 2114283753834967212}
  m_LocalRotation: {x: 0, y: 0, z: 0, w: 1}
  m_LocalPosition: {x: 0, y: 0, z: 0}
  m_LocalScale: {x: 1, y: 1, z: 1}
  m_ConstrainProportionsScale: 0
  m_Children:
  - {fileID: 2114283754330233426}
  m_Father: {fileID: 0}
  m_RootOrder: 0
  m_LocalEulerAnglesHint: {x: 0, y: 0, z: 0}
--- !u!1 &2114283754330233424
GameObject:
  m_ObjectHideFlags: 0
  m_CorrespondingSourceObject: {fileID: 0}
  m_PrefabInstance: {fileID: 0}
  m_PrefabAsset: {fileID: 0}
  serializedVersion: 6
  m_Component:
  - component: {fileID: 2114283754330233426}
  - component: {fileID: 2114283754330233425}
  - component: {fileID: 2114283754330233427}
  m_Layer: 0
  m_Name: Directional Light
  m_TagString: Untagged
  m_Icon: {fileID: 0}
  m_NavMeshLayer: 0
  m_StaticEditorFlags: 0
  m_IsActive: 0
--- !u!108 &2114283754330233425
Light:
  m_ObjectHideFlags: 0
  m_CorrespondingSourceObject: {fileID: 0}
  m_PrefabInstance: {fileID: 0}
  m_PrefabAsset: {fileID: 0}
  m_GameObject: {fileID: 2114283754330233424}
  m_Enabled: 1
  serializedVersion: 10
  m_Type: 1
  m_Shape: 0
  m_Color: {r: 0.972549, g: 0.9607843, b: 0.8784314, a: 1}
  m_Intensity: 6003.6753
  m_Range: 10
  m_SpotAngle: 30
  m_InnerSpotAngle: 21.80208
  m_CookieSize: 10
  m_Shadows:
    m_Type: 2
    m_Resolution: 2
    m_CustomResolution: -1
    m_Strength: 1
    m_Bias: 0.125
    m_NormalBias: 0
    m_NearPlane: 0.2
    m_CullingMatrixOverride:
      e00: 1
      e01: 0
      e02: 0
      e03: 0
      e10: 0
      e11: 1
      e12: 0
      e13: 0
      e20: 0
      e21: 0
      e22: 1
      e23: 0
      e30: 0
      e31: 0
      e32: 0
      e33: 1
    m_UseCullingMatrixOverride: 0
  m_Cookie: {fileID: 0}
  m_DrawHalo: 0
  m_Flare: {fileID: 0}
  m_RenderMode: 0
  m_CullingMask:
    serializedVersion: 2
    m_Bits: 4294967295
  m_RenderingLayerMask: 1
  m_Lightmapping: 1
  m_LightShadowCasterMode: 2
  m_AreaSize: {x: 0.5, y: 0.5}
  m_BounceIntensity: 1
  m_ColorTemperature: 6570
  m_UseColorTemperature: 1
  m_BoundingSphereOverride: {x: 4.5765e-41, y: 1.39e-43, z: 0, w: -4.7846324e-17}
  m_UseBoundingSphereOverride: 0
  m_UseViewFrustumForShadowCasterCull: 1
  m_ShadowRadius: 0
  m_ShadowAngle: 0
--- !u!4 &2114283754330233426
Transform:
  m_ObjectHideFlags: 0
  m_CorrespondingSourceObject: {fileID: 0}
  m_PrefabInstance: {fileID: 0}
  m_PrefabAsset: {fileID: 0}
  m_GameObject: {fileID: 2114283754330233424}
  m_LocalRotation: {x: 0.4213608, y: -0.5123079, z: -0.032577213, w: 0.7476192}
  m_LocalPosition: {x: 46.72, y: 17.33, z: -4.78}
  m_LocalScale: {x: 1, y: 1, z: 1}
  m_ConstrainProportionsScale: 0
  m_Children: []
  m_Father: {fileID: 2114283753834967213}
  m_RootOrder: 0
  m_LocalEulerAnglesHint: {x: 36.631, y: -81.401, z: -36.776}
--- !u!114 &2114283754330233427
MonoBehaviour:
  m_ObjectHideFlags: 0
  m_CorrespondingSourceObject: {fileID: 0}
  m_PrefabInstance: {fileID: 0}
  m_PrefabAsset: {fileID: 0}
  m_GameObject: {fileID: 2114283754330233424}
  m_Enabled: 1
  m_EditorHideFlags: 0
  m_Script: {fileID: 11500000, guid: 7a68c43fe1f2a47cfa234b5eeaa98012, type: 3}
  m_Name: 
  m_EditorClassIdentifier: 
  m_Version: 11
  m_ObsoleteShadowResolutionTier: 1
  m_ObsoleteUseShadowQualitySettings: 0
  m_ObsoleteCustomShadowResolution: 512
  m_ObsoleteContactShadows: 0
  m_PointlightHDType: 0
  m_SpotLightShape: 0
  m_AreaLightShape: 0
  m_Intensity: 6003.6753
  m_EnableSpotReflector: 1
  m_LuxAtDistance: 1
  m_InnerSpotPercent: 0
  m_SpotIESCutoffPercent: 100
  m_LightDimmer: 1
  m_VolumetricDimmer: 1
  m_LightUnit: 2
  m_FadeDistance: 10000
  m_VolumetricFadeDistance: 10000
  m_AffectDiffuse: 1
  m_AffectSpecular: 1
  m_NonLightmappedOnly: 0
  m_ShapeWidth: 0.5
  m_ShapeHeight: 0.5
  m_AspectRatio: 1
  m_ShapeRadius: 0.025
  m_SoftnessScale: 1
  m_UseCustomSpotLightShadowCone: 0
  m_CustomSpotLightShadowCone: 30
  m_MaxSmoothness: 0.99
  m_ApplyRangeAttenuation: 1
  m_DisplayAreaLightEmissiveMesh: 0
  m_AreaLightCookie: {fileID: 0}
  m_IESPoint: {fileID: 0}
  m_IESSpot: {fileID: 0}
  m_IncludeForRayTracing: 1
  m_AreaLightShadowCone: 120
  m_UseScreenSpaceShadows: 0
  m_InteractsWithSky: 1
  m_AngularDiameter: 0.5
  m_FlareSize: 2
  m_FlareTint: {r: 1, g: 1, b: 1, a: 1}
  m_FlareFalloff: 4
  m_SurfaceTexture: {fileID: 0}
  m_SurfaceTint: {r: 1, g: 1, b: 1, a: 1}
  m_Distance: 1.5e+11
  m_UseRayTracedShadows: 0
  m_NumRayTracingSamples: 4
  m_FilterTracedShadow: 1
  m_FilterSizeTraced: 16
  m_SunLightConeAngle: 0.5
  m_LightShadowRadius: 0.5
  m_SemiTransparentShadow: 0
  m_ColorShadow: 1
  m_DistanceBasedFiltering: 0
  m_EvsmExponent: 15
  m_EvsmLightLeakBias: 0
  m_EvsmVarianceBias: 0.00001
  m_EvsmBlurPasses: 0
  m_LightlayersMask: 1
  m_LinkShadowLayers: 1
  m_ShadowNearPlane: 0.1
  m_BlockerSampleCount: 24
  m_FilterSampleCount: 16
  m_MinFilterSize: 0.1
  m_KernelSize: 5
  m_LightAngle: 1
  m_MaxDepthBias: 0.001
  m_ShadowResolution:
    m_Override: 512
    m_UseOverride: 1
    m_Level: 0
  m_ShadowDimmer: 1
  m_VolumetricShadowDimmer: 1
  m_ShadowFadeDistance: 10000
  m_UseContactShadow:
    m_Override: 0
    m_UseOverride: 1
    m_Level: 0
  m_RayTracedContactShadow: 0
  m_ShadowTint: {r: 0, g: 0, b: 0, a: 1}
  m_PenumbraTint: 0
  m_NormalBias: 0.75
  m_SlopeBias: 0.5
  m_ShadowUpdateMode: 0
  m_AlwaysDrawDynamicShadows: 0
  m_UpdateShadowOnLightMovement: 0
  m_CachedShadowTranslationThreshold: 0.01
  m_CachedShadowAngularThreshold: 0.5
  m_BarnDoorAngle: 90
  m_BarnDoorLength: 0.05
  m_preserveCachedShadow: 0
  m_OnDemandShadowRenderOnPlacement: 1
  m_ShadowCascadeRatios:
  - 0.05
  - 0.2
  - 0.3
  m_ShadowCascadeBorders:
  - 0.2
  - 0.2
  - 0.2
  - 0.2
  m_ShadowAlgorithm: 0
  m_ShadowVariant: 0
  m_ShadowPrecision: 0
  useOldInspector: 0
  useVolumetric: 1
  featuresFoldout: 1
  m_AreaLightEmissiveMeshShadowCastingMode: 0
  m_AreaLightEmissiveMeshMotionVectorGenerationMode: 0
  m_AreaLightEmissiveMeshLayer: -1
